<?xml version="1.0" encoding="UTF-8"?>
<record xmlns="http://www.loc.gov/MARC21/slim">
   <leader>01111cam a22003015  4500</leader>
   <controlfield tag="001">2775778</controlfield>
   <controlfield tag="003">NjP</controlfield>
   <controlfield tag="005">20190705144857.0</controlfield>
   <controlfield tag="008">991005s195u    sy            000 0 ara d</controlfield>
   <datafield tag="024" ind1="7" ind2=" ">
      <subfield code="a">princeton_aco004713</subfield>
      <subfield code="2">local</subfield>
   </datafield>
   <datafield ind1=" " ind2=" " tag="040">
      <subfield code="a">PUL</subfield>
      <subfield code="c">PUL</subfield>
      <subfield code="d">PUL</subfield>
   </datafield>
   <datafield ind1=" " ind2=" " tag="035">
      <subfield code="9">CNH3408TS</subfield>
   </datafield>
   <datafield ind1=" " ind2=" " tag="035">
      <subfield code="a">(NjP)2775778</subfield>
   </datafield>
   <datafield ind1=" " ind2=" " tag="049">
      <subfield code="a">PULL</subfield>
   </datafield>
   <datafield ind1=" " ind2=" " tag="035">
      <subfield code="a">(OCoLC)ocm42556690</subfield>
   </datafield>
   <datafield ind1="1" ind2=" " tag="110">
      <subfield code="a">Syria.</subfield>
      <subfield code="0">http://id.loc.gov/authorities/names/n80061798</subfield>
   </datafield>
   <datafield ind1="1" ind2="0" tag="240">
      <subfield code="a">Laws, etc.</subfield>
   </datafield>
   <datafield ind1="1" ind2="0" tag="245">
      <subfield code="6">880-01</subfield>
      <subfield code="a">Majmūʻat qawānīn wa-marāsīm wa-balāghāt wizārīyah.</subfield>
      <subfield code="c">Jumiʻat bi-saʻy Anṭūn Turkumān.</subfield>
   </datafield>
   <datafield ind1=" " ind2=" " tag="260">
      <subfield code="6">880-02</subfield>
      <subfield code="a">Aleppo,</subfield>
      <subfield code="b">Maṭbʻat al-Iḥsām</subfield>
      <subfield code="c">[195-?]</subfield>
   </datafield>
   <datafield ind1=" " ind2=" " tag="300">
      <subfield code="a">120 p.</subfield>
      <subfield code="c">24 cm.</subfield>
   </datafield>
   <datafield ind1=" " ind2=" " tag="546">
      <subfield code="a">In Arabic.</subfield>
   </datafield>
   <datafield ind1=" " ind2="0" tag="650">
      <subfield code="a">Law reports, digests, etc.</subfield>
      <subfield code="z">Syria.</subfield>
   </datafield>
   <datafield ind1="1" ind2=" " tag="700">
      <subfield code="6">880-03</subfield>
      <subfield code="a">Turkumān, Anṭūn,</subfield>
      <subfield code="e">comp.</subfield>
   </datafield>
   <datafield ind1="1" ind2="0" tag="880">
      <subfield code="6">245-01/r</subfield>
      <subfield code="a">مجموعة قوانين ومراسيم وبلاغات وزارية.</subfield>
      <subfield code="c">جمعة بسعي انطون تركمان.</subfield>
   </datafield>
   <datafield ind1=" " ind2=" " tag="880">
      <subfield code="6">260-02/r</subfield>
      <subfield code="a">Aleppo,</subfield>
      <subfield code="b">مطبعة الاحسام</subfield>
      <subfield code="c">[195-؟]</subfield>
   </datafield>
   <datafield ind1="1" ind2=" " tag="880">
      <subfield code="6">700-03/r</subfield>
      <subfield code="a">تركمان، انطون،</subfield>
      <subfield code="e">comp.</subfield>
   </datafield>
   <datafield ind1=" " ind2=" " tag="911">
      <subfield code="a">20000130</subfield>
   </datafield>
   <datafield ind1=" " ind2=" " tag="994">
      <subfield code="a">C0</subfield>
      <subfield code="b">PUL</subfield>
   </datafield>
   <datafield ind1=" " ind2=" " tag="999">
      <subfield code="a">2775778</subfield>
   </datafield>
   <datafield ind1=" " ind2=" " tag="979">
      <subfield code="a">(OCoLC)ocn178526605</subfield>
   </datafield>
   <datafield ind1="8" ind2="0" tag="852">
      <subfield code="0">3086640</subfield>
      <subfield code="b">rcppa</subfield>
      <subfield code="t">1</subfield>
      <subfield code="h">7979.893.75</subfield>
      <subfield code="x">tr fr f</subfield>
   </datafield>
   <datafield ind1=" " ind2=" " tag="959">
      <subfield code="a">2008-10-22 11:54:57 -0500</subfield>
   </datafield>
</record>
